<record><leader>00000cas a22000007a 4500</leader><controlfield tag="001">16260597</controlfield><controlfield tag="008">870721d18901890pauwr ne      0    0eng d</controlfield><datafield ind1=" " ind2=" " tag="010"><subfield code="a">sn 87080516 </subfield></datafield><datafield ind1=" " ind2=" " tag="040"><subfield code="a">NPH</subfield><subfield code="b">eng</subfield><subfield code="c">NPH</subfield><subfield code="d">OCLCQ</subfield></datafield><datafield ind1=" " ind2=" " tag="042"><subfield code="a">msc</subfield></datafield><datafield ind1="0" ind2="0" tag="245"><subfield code="a">Perkiomen weekly ledger.</subfield></datafield><datafield ind1="3" ind2="0" tag="246"><subfield code="a">Weekly Perkiomen ledger</subfield></datafield><datafield ind1="1" ind2="3" tag="246"><subfield code="a">Perkiomen ledger</subfield></datafield><datafield ind1=" " ind2=" " tag="260"><subfield code="a">East Greenville, Pa. :</subfield><subfield code="b">J.S. Treichiler &amp; Bro.,</subfield><subfield code="c">1890-</subfield></datafield><datafield ind1=" " ind2=" " tag="300"><subfield code="a">v. :</subfield><subfield code="b">ill. (chiefly advertisements) ;</subfield><subfield code="c">56 cm.</subfield></datafield><datafield ind1=" " ind2=" " tag="310"><subfield code="a">Weekly</subfield></datafield><datafield ind1="0" ind2=" " tag="362"><subfield code="a">Vol. 1, no. 1 (Nov. 28, 1890)-</subfield></datafield><datafield ind1="1" ind2=" " tag="362"><subfield code="a">Ceased in 1890?</subfield></datafield><datafield ind1=" " ind2=" " tag="500"><subfield code="a">"Weekly" appears above title ornament.</subfield></datafield><datafield ind1=" " ind2=" " tag="752"><subfield code="a">United States</subfield><subfield code="b">Pennsylvania</subfield><subfield code="c">Montgomery</subfield><subfield code="d">East Greenville.</subfield></datafield><datafield ind1=" " ind2=" " tag="752"><subfield code="a">United States</subfield><subfield code="b">Pennsylvania</subfield><subfield code="c">Montgomery</subfield><subfield code="d">Perkiomen.</subfield></datafield><datafield ind1="0" ind2="0" tag="785"><subfield code="t">Perkiomen ledger</subfield><subfield code="w">(DLC)sn 87080515</subfield></datafield></record>